<?xml version="1.0" encoding="UTF-8"?><collection xmlns="http://www.loc.gov/MARC21/slim"><record><leader>00440nam--2200181-u-4500</leader><controlfield tag="001">000056386</controlfield><controlfield tag="002">20161230</controlfield><controlfield tag="005">20161230201052</controlfield><controlfield tag="008">150812s1000------------r-----000-0-rus-d</controlfield><datafield ind1=" " ind2=" " tag="040"><subfield code="a">IFIN-HH</subfield></datafield><datafield ind1=" " ind2=" " tag="041"><subfield code="a">rus</subfield></datafield><datafield ind1=" " ind2=" " tag="080"><subfield code="a">53(021)</subfield></datafield><datafield ind1="1" ind2=" " tag="100"><subfield code="a">Kortnev, A.V</subfield></datafield><datafield ind1="1" ind2="0" tag="245"><subfield code="a">Prakticum po fizike</subfield><subfield code="c">A.v. kortnev, iu.v. rublev, a. n. kutenko</subfield></datafield><datafield ind1=" " ind2=" " tag="260"><subfield code="a">Moskva</subfield><subfield code="b">Sisaia Skola</subfield><subfield code="c">1963</subfield></datafield><datafield ind1=" " ind2=" " tag="300"><subfield code="a">515P</subfield></datafield><datafield ind1="1" ind2=" " tag="700"><subfield code="a">Kutenko, A.N</subfield></datafield><datafield ind1=" " ind2=" " tag="852"><subfield code="a">76060</subfield></datafield></record></collection>